
@article{garcia_comprehensive_2015,
	author = {Garc{\'\i}a, Javier and Fernandez, Fern{\'a}ndo},
	journal = {Journal of Machine Learning Research},
	pages = {1437--1480},
	title = {A {Comprehensive} {Survey} on {Safe} {Reinforcement} {Learning}},
	volume = {16},
	year = {2015}}


@inproceedings{Gaskett_2003,
	author = {Gaskett, Chris},
	booktitle = {International Conference on Computational Intelligence for Modelling Control and Automation},
	title = {Reinforcement learning under circumstances beyond its control},
	year = {2003}}

@inproceedings{Abbeel_2005,
	author = {Abbeel, Pieter and Ng., Andrew Y.},
	booktitle = {Proceedings of the International Conference on Machine Learning},
	title = {Exploration and apprenticeship learning in reinforcement learning},
	year = {2005}}
	
@article{Ray_2019,
    author = {Ray, Alex and Achiam, Joshua and Amodei, Dario},
    title = {{Benchmarking Safe Exploration in Deep Reinforcement Learning}},
    year = {2019}
}

@inproceedings{Achiam_2017,
	author = {Achiam, Joshua and Held, David and Tamar, Aviv and Abbeel, Pieter},
  	booktitle =  {Proceedings of the International Conference on Machine Learning},
	title = {Constrained Policy Optimization},
	year = {2017}}

@inproceedings{Cobbe_2019,
  title = 	 {Quantifying Generalization in Reinforcement Learning},
  author =       {Cobbe, Karl and Klimov, Oleg and Hesse, Chris and Kim, Taehoon and Schulman, John},
  booktitle = 	 {Proceedings of the International Conference on Machine Learning},
  pages = 	 {1282--1289},
  year = 	 {2019},
  volume = 	 {97},
  series = 	 {Proceedings of Machine Learning Research}
}

@book{Altman_1999,
  title     = {Constrained Markov Decision Processes.},
  author    = {Altman, Eitan},
  year      = {1988},
  publisher = {Bantam},
  address   = {London}
}


@InProceedings{Schulman_2015,
  title = 	 {Trust Region Policy Optimization},
  author = 	 {Schulman, John and Levine, Sergey and Abbeel, Pieter and Jordan, Michael and Moritz, Philipp},
  booktitle = 	 {Proceedings of the International Conference on Machine Learning},
  pages = 	 {1889--1897},
  year = 	 {2015},
  editor = 	 {Bach, Francis and Blei, David},
  volume = 	 {37},
  series = 	 {Proceedings of Machine Learning Research},
  address = 	 {Lille, France},
  month = 	 {07--09 Jul},
  publisher =    {PMLR},
}

@article{Schulman_2017,
  author = {Schulman, John and Wolski, Filip and Dhariwal, Prafulla and Radford, Alec and Klimov, Oleg},
  ee = {http://arxiv.org/abs/1707.06347},
  journal = {CoRR},
  title = {Proximal Policy Optimization Algorithms.},
  year = 2017
}


@InProceedings{Chow_2019,
  title = 	 {Lyapunov-based Safe Policy Optimization for Continuous Control },
  author = 	 {Chow, Yinlam and Nachum, Ofir and Faust, Aleksandra and Duenez-Guzman, Edgar and Ghavamzadeh, Mohammad },
  booktitle = 	 {ICML 2019 Workshop RL4RealLife},
  year = 2019
}


@article{leike_ai_2017,
	author = {Leike, Jan and Martic, Miljan and Krakovna, Victoria and Ortega, Pedro A. and Everitt, Tom and Lefrancq, Andrew and Orseau, Laurent and Legg, Shane},
	journal = {arXiv:1711.09883 [cs]},
	month = nov,
	title = {{AI} {Safety} {Gridworlds}},
	year = {2017}}


